<?xml version="1.0" encoding="UTF-8"?><collection xmlns="info:lc/xmlns/marcxchange-v2" xsi:schemaLocation="info:lc/xmlns/marcxchange-v2 http://www.loc.gov/standards/iso25577/marcxchange-2-0.xsd" xmlns:xsi="http://www.w3.org/2001/XMLSchema-instance"><record format="MARC21" type="Bibliographic"><leader>00000cam  2200349 a 4500</leader><controlfield tag="001">11939876</controlfield><controlfield tag="005">20041229190604.0</controlfield><controlfield tag="008">000313s2000    nyu           000 1 eng  </controlfield><datafield ind2=" " ind1=" " tag="906"><subfield code="a">7</subfield><subfield code="b">cbc</subfield><subfield code="c">orignew</subfield><subfield code="d">1</subfield><subfield code="e">ocip</subfield><subfield code="f">20</subfield><subfield code="g">y-gencatlg</subfield></datafield><datafield ind2=" " ind1="0" tag="925"><subfield code="a">acquire</subfield><subfield code="b">2 shelf copies</subfield><subfield code="x">policy default</subfield></datafield><datafield ind2=" " ind1=" " tag="955"><subfield code="a">to HLCD pc03 03-13-00; lh08 to subj. 03-14-00; lh06 03-22-00; lk02 03-22-00; to Dewey 03-22-00; aa05 03-23-00;  ps13 2001-11-06 bk rec'd, to CIP ver.</subfield><subfield code="f">pv08 2001-11-07 CIP ver. to BCCD</subfield></datafield><datafield ind2=" " ind1=" " tag="010"><subfield code="a">   00029063 </subfield></datafield><datafield ind2=" " ind1=" " tag="020"><subfield code="a">0679450041 (acid-free paper)</subfield></datafield><datafield ind2=" " ind1=" " tag="040"><subfield code="a">DLC</subfield><subfield code="c">DLC</subfield><subfield code="d">DLC</subfield></datafield><datafield ind2=" " ind1=" " tag="043"><subfield code="a">n-us-ny</subfield></datafield><datafield ind2="0" ind1="0" tag="050"><subfield code="a">PS3553.H15</subfield><subfield code="b">A82 2000</subfield></datafield><datafield ind2="0" ind1="0" tag="082"><subfield code="a">813/.54</subfield><subfield code="2">21</subfield></datafield><datafield ind2=" " ind1="1" tag="100"><subfield code="a">Chabon, Michael.</subfield></datafield><datafield ind2="4" ind1="1" tag="245"><subfield code="a">The amazing adventures of Kavalier and Clay :</subfield><subfield code="b">a novel /</subfield><subfield code="c">Michael Chabon.</subfield></datafield><datafield ind2=" " ind1=" " tag="260"><subfield code="a">New York :</subfield><subfield code="b">Random House,</subfield><subfield code="c">c2000.</subfield></datafield><datafield ind2=" " ind1=" " tag="300"><subfield code="a">639 p. ;</subfield><subfield code="c">25 cm.</subfield></datafield><datafield ind2="0" ind1=" " tag="650"><subfield code="a">Comic books, strips, etc.</subfield><subfield code="x">Authorship</subfield><subfield code="v">Fiction.</subfield></datafield><datafield ind2="0" ind1=" " tag="650"><subfield code="a">Heroes in mass media</subfield><subfield code="v">Fiction.</subfield></datafield><datafield ind2="0" ind1=" " tag="650"><subfield code="a">Czech Americans</subfield><subfield code="v">Fiction.</subfield></datafield><datafield ind2="0" ind1=" " tag="651"><subfield code="a">New York (N.Y.)</subfield><subfield code="v">Fiction.</subfield></datafield><datafield ind2="0" ind1=" " tag="650"><subfield code="a">Young men</subfield><subfield code="v">Fiction.</subfield></datafield><datafield ind2="0" ind1=" " tag="650"><subfield code="a">Cartoonists</subfield><subfield code="v">Fiction.</subfield></datafield><datafield ind2="7" ind1=" " tag="655"><subfield code="a">Humorous stories.</subfield><subfield code="2">gsafd</subfield></datafield><datafield ind2="7" ind1=" " tag="655"><subfield code="a">Bildungsromane.</subfield><subfield code="2">gsafd</subfield></datafield><datafield ind2="2" ind1="4" tag="856"><subfield code="3">Contributor biographical information</subfield><subfield code="u">http://www.loc.gov/catdir/bios/random052/00029063.html</subfield></datafield><datafield ind2="1" ind1="4" tag="856"><subfield code="3">Sample text</subfield><subfield code="u">http://www.loc.gov/catdir/samples/random044/00029063.html</subfield></datafield><datafield ind2="2" ind1="4" tag="856"><subfield code="3">Publisher description</subfield><subfield code="u">http://www.loc.gov/catdir/description/random0411/00029063.html</subfield></datafield></record>