<record format="MARC21" type="Bibliographic"><leader>00000cam  2200301 a 4500</leader><controlfield tag="001">12883376</controlfield><controlfield tag="005">20030616111422.0</controlfield><controlfield tag="008">020805s2002    nyu    j      000 1 eng  </controlfield><datafield ind2=" " ind1=" " tag="906"><subfield code="a">7</subfield><subfield code="b">cbc</subfield><subfield code="c">orignew</subfield><subfield code="d">1</subfield><subfield code="e">ocip</subfield><subfield code="f">20</subfield><subfield code="g">y-gencatlg</subfield></datafield><datafield ind2=" " ind1="0" tag="925"><subfield code="a">acquire</subfield><subfield code="b">2 shelf copies</subfield><subfield code="x">policy default</subfield></datafield><datafield ind2=" " ind1=" " tag="955"><subfield code="a">pc14 2002-08-05 to HLCD</subfield><subfield code="c">lh08 2002-08-06 to subj.;</subfield><subfield code="d">lb11 2002-09-05</subfield><subfield code="e">lb05 2002-09-06 to cip</subfield><subfield code="a">ps09 2003-03-04 1 copy rec'd., to CIP ver.</subfield><subfield code="f">pv01 2003-03-17 CIP ver to BCCD</subfield><subfield code="a">ld11 2003-05-12 cp2 to BCCD</subfield></datafield><datafield ind2=" " ind1=" " tag="010"><subfield code="a">  2002027497</subfield></datafield><datafield ind2=" " ind1=" " tag="020"><subfield code="a">0786808772</subfield></datafield><datafield ind2=" " ind1=" " tag="020"><subfield code="a">0786816155 (pbk.)</subfield></datafield><datafield ind2=" " ind1=" " tag="040"><subfield code="a">DLC</subfield><subfield code="c">DLC</subfield><subfield code="d">DLC</subfield></datafield><datafield ind2=" " ind1=" " tag="042"><subfield code="a">lcac</subfield></datafield><datafield ind2="0" ind1="0" tag="050"><subfield code="a">PZ7.C3315</subfield><subfield code="b">Su 2002</subfield></datafield><datafield ind2="0" ind1="0" tag="082"><subfield code="a">[Fic]</subfield><subfield code="2">21</subfield></datafield><datafield ind2=" " ind1="1" tag="100"><subfield code="a">Chabon, Michael.</subfield></datafield><datafield ind2="0" ind1="1" tag="245"><subfield code="a">Summerland /</subfield><subfield code="c">Michael Chabon.</subfield></datafield><datafield ind2=" " ind1=" " tag="250"><subfield code="a">1st ed.</subfield></datafield><datafield ind2=" " ind1=" " tag="260"><subfield code="a">New York :</subfield><subfield code="b">Miramax Books/Hyperion Books for Children,</subfield><subfield code="c">c2002.</subfield></datafield><datafield ind2=" " ind1=" " tag="300"><subfield code="a">500 p. ;</subfield><subfield code="c">22 cm.</subfield></datafield><datafield ind2=" " ind1=" " tag="520"><subfield code="a">Ethan Feld, the worst baseball player in the history of the game, finds himself recruited by a 100-year-old scout to help a band of fairies triumph over an ancient enemy.</subfield></datafield><datafield ind2="1" ind1=" " tag="650"><subfield code="a">Fantasy.</subfield></datafield><datafield ind2="1" ind1=" " tag="650"><subfield code="a">Baseball</subfield><subfield code="v">Fiction.</subfield></datafield><datafield ind2="1" ind1=" " tag="650"><subfield code="a">Magic</subfield><subfield code="v">Fiction.</subfield></datafield><datafield ind2=" " ind1=" " tag="952"><subfield code="a">II lb11 09-05-02</subfield></datafield></record></collection>